
@book{vox1,
    author = "Fatas, Antonio",
    title = "The Economics of Fintech and Digital Currencies",
    journal = "CEPR Policy Portal",
    publisher = "CEPR Press",
    year = "2019",
    url = "https://cepr.org/content/new-ebook-economics-fintech-and-digital-currencies"
}

@article{hawk1,
    author = "A. Kosba, A. Miller, E. Shi, Z. Wen and C. Papamanthou",
    title = "Hawk: The Blockchain Model of Cryptography and Privacy-Preserving Smart Contracts",
    institution = "University of Maryland and Cornell University",
    journal = "2016 IEEE Symposium on Security and Privacy (SP)",
    pages = "839-858",
    address = "San Jose, CA",
    year = "2016",
    doi = "10.1109/SP.2016.55"
}

@article{ferrara2020,
  title={Characterizing social media manipulation in the 2020 US presidential election},
  author={Ferrara, Emilio and Chang, Herbert and Chen, Emily and Muric, Goran and Patel, Jaimin},
  journal={First Monday},
  year={2020}
}

@article{murdockmulti,
  title={Multi-Platform Analysis of 2020 US Election Fraud and Protest Related Postsâ‹†},
  author={Murdock, Isabel and Carley, Kathleen M and Yagan, Osman}
}

@inproceedings{franklin2012interpreting,
  title={Interpreting babel: classifying electronic voting systems},
  author={Franklin, Joshua and Myers, Jessica},
  booktitle={5th International Conference on Electronic Voting 2012 (EVOTE2012)},
  year={2012},
  organization={Gesellschaft f{\"u}r Informatik eV}
}

@techreport{budish2018economic,
  title={The economic limits of bitcoin and the blockchain},
  author={Budish, Eric},
  year={2018},
  institution={National Bureau of Economic Research}
}

@inproceedings{di2020tokens,
  title={Tokens, types, and standards: identification and utilization in Ethereum},
  author={Di Angelo, Monika and Salzer, Gernot},
  booktitle={2020 IEEE International Conference on Decentralized Applications and Infrastructures (DAPPS)},
  pages={1--10},
  year={2020},
  organization={IEEE}
}

@incollection{elrom2019neo,
  title={NEO blockchain and smart contracts},
  author={Elrom, Elad},
  booktitle={The Blockchain Developer},
  pages={257--298},
  year={2019},
  publisher={Springer}
}

@inproceedings{gilad2017algorand,
  title={Algorand: Scaling byzantine agreements for cryptocurrencies},
  author={Gilad, Yossi and Hemo, Rotem and Micali, Silvio and Vlachos, Georgios and Zeldovich, Nickolai},
  booktitle={Proceedings of the 26th symposium on operating systems principles},
  pages={51--68},
  year={2017}
}